@inproceedings{NEURIPS2022_f73c0453,
 author = {Balestriero, Randall and Bottou, Leon and LeCun, Yann},
 booktitle = {Advances in Neural Information Processing Systems},
 editor = {S. Koyejo and S. Mohamed and A. Agarwal and D. Belgrave and K. Cho and A. Oh},
 pages = {37878--37891},
 publisher = {Curran Associates, Inc.},
 title = {The Effects of Regularization and Data Augmentation are Class Dependent},
 url = {https://proceedings.neurips.cc/paper_files/paper/2022/file/f73c04538a5e1cad40ba5586b4b517d3-Paper-Conference.pdf},
 volume = {35},
 year = {2022}
}

@inproceedings{
bitterwolf2022classifiers,
title={Classifiers Should Do Well Even on Their Worst Classes},
author={Julian Bitterwolf and Alexander Meinke and Valentyn Boreiko and Matthias Hein},
booktitle={ICML 2022 Shift Happens Workshop},
year={2022},
url={https://openreview.net/forum?id=QxIXCVYJ2WP}
}

@misc{balestriero2022effects,
      title={The Effects of Regularization and Data Augmentation are Class Dependent}, 
      author={Randall Balestriero and Leon Bottou and Yann LeCun},
      year={2022},
      eprint={2204.03632},
      archivePrefix={arXiv},
      primaryClass={cs.LG}
}